@article{de2002learning,
  title={Learning and optimization using the clonal selection principle},
  author={De Castro, Leandro N and Von Zuben, Fernando J},
  journal={Evolutionary Computation, IEEE Transactions on},
  volume={6},
  number={3},
  pages={239--251},
  year={2002},
  publisher={IEEE}
}

@book{floreano2008bio,
  title={Bio-inspired artificial intelligence: theories, methods, and technologies},
  author={Floreano, Dario and Mattiussi, Claudio},
  year={2008},
  publisher={MIT press}
}

@article{shamshirband2014tuberculosis,
  title={Tuberculosis disease diagnosis using artificial immune recognition system},
  author={Shamshirband, Shahaboddin and Hessam, Somayeh and Javidnia, Hossein and Amiribesheli, Mohsen and Vahdat, Shaghayegh and Petkovi{\'c}, Dalibor and Gani, Abdullah and Kiah, Miss Laiha Mat},
  journal={International journal of medical sciences},
  volume={11},
  number={5},
  pages={508},
  year={2014},
  publisher={Ivyspring International Publisher}
}

@article{dasgupta2005artificial,
  title={Artificial Immune Systems in Intrusion Detection, Chapter 7 in the book Enhancing Computer Security with Smart Technology by V. Rao Vemuri (Ed},
  author={Dasgupta, Dipankar and Gonzalez, Fabio},
  year={2005},
  publisher={Citeseer}
}

@article{risbridger2010breast,
  title={Breast and prostate cancer: more similar than different},
  author={Risbridger, Gail P and Davis, Ian D and Birrell, Stephen N and Tilley, Wayne D},
  journal={Nature Reviews Cancer},
  volume={10},
  number={3},
  pages={205--212},
  year={2010},
  publisher={Nature Publishing Group}
}

@article{he2014similar,
  title={Similar immunogenicity of measles--mumps--rubella (MMR) vaccine administrated at 8 months versus 12 months age in children},
  author={He, Hanqing and Chen, Enfu and Chen, Haiping and Wang, Zhifang and Li, Qian and Yan, Rui and Guo, Jing and Zhou, Yang and Pan, Jinren and Xie, Shuyun},
  journal={Vaccine},
  volume={32},
  number={31},
  pages={4001--4005},
  year={2014},
  publisher={Elsevier}
}

@article{hofmeyr2000architecture,
  title={Architecture for an artificial immune system},
  author={Hofmeyr, Steven A and Forrest, Stephanie},
  journal={Evolutionary computation},
  volume={8},
  number={4},
  pages={443--473},
  year={2000},
  publisher={MIT Press}
}

