@article{hofmeyr2000architecture,
  title={Architecture for an artificial immune system},
  author={Hofmeyr, Steven A and Forrest, Stephanie},
  journal={Evolutionary computation},
  volume={8},
  number={4},
  pages={443--473},
  year={2000},
  publisher={MIT Press}
}

@article{de2002learning,
  title={Learning and optimization using the clonal selection principle},
  author={De Castro, Leandro N and Von Zuben, Fernando J},
  journal={Evolutionary Computation, IEEE Transactions on},
  volume={6},
  number={3},
  pages={239--251},
  year={2002},
  publisher={IEEE}
}

@book{floreano2008bio,
  title={Bio-inspired artificial intelligence: theories, methods, and technologies},
  author={Floreano, Dario and Mattiussi, Claudio},
  year={2008},
  publisher={MIT press}
}

@article{shamshirband2014tuberculosis,
  title={Tuberculosis disease diagnosis using artificial immune recognition system},
  author={Shamshirband, Shahaboddin and Hessam, Somayeh and Javidnia, Hossein and Amiribesheli, Mohsen and Vahdat, Shaghayegh and Petkovi{\'c}, Dalibor and Gani, Abdullah and Kiah, Miss Laiha Mat},
  journal={International journal of medical sciences},
  volume={11},
  number={5},
  pages={508},
  year={2014},
  publisher={Ivyspring International Publisher}
}

@article{dasgupta2005artificial,
  title={Artificial Immune Systems in Intrusion Detection, Chapter 7 in the book Enhancing Computer Security with Smart Technology by V. Rao Vemuri (Ed},
  author={Dasgupta, Dipankar and Gonzalez, Fabio},
  year={2005},
  publisher={Citeseer}
}

@article{risbridger2010breast,
  title={Breast and prostate cancer: more similar than different},
  author={Risbridger, Gail P and Davis, Ian D and Birrell, Stephen N and Tilley, Wayne D},
  journal={Nature Reviews Cancer},
  volume={10},
  number={3},
  pages={205--212},
  year={2010},
  publisher={Nature Publishing Group}
}

@article{he2014similar,
  title={Similar immunogenicity of measles--mumps--rubella (MMR) vaccine administrated at 8 months versus 12 months age in children},
  author={He, Hanqing and Chen, Enfu and Chen, Haiping and Wang, Zhifang and Li, Qian and Yan, Rui and Guo, Jing and Zhou, Yang and Pan, Jinren and Xie, Shuyun},
  journal={Vaccine},
  volume={32},
  number={31},
  pages={4001--4005},
  year={2014},
  publisher={Elsevier}
}


@article{woldemariam2010vaccine,
  title={Vaccine-enhanced artificial immune system for multimodal function optimization},
  author={Woldemariam, Kumlachew M and Yen, Gary G},
  journal={Systems, Man, and Cybernetics, Part B: Cybernetics, IEEE Transactions on},
  volume={40},
  number={1},
  pages={218--228},
  year={2010},
  publisher={IEEE}
}
@article{shamshirband2014tuberculosis,
  title={Tuberculosis disease diagnosis using artificial immune recognition system},
  author={Shamshirband, Shahaboddin and Hessam, Somayeh and Javidnia, Hossein and Amiribesheli, Mohsen and Vahdat, Shaghayegh and Petkovi{\'c}, Dalibor and Gani, Abdullah and Kiah, Miss Laiha Mat},
  journal={International journal of medical sciences},
  volume={11},
  number={5},
  pages={508},
  year={2014},
  publisher={Ivyspring International Publisher}
}

@article{harmer2002artificial,
  title={An artificial immune system architecture for computer security applications},
  author={Harmer, Paul K and Williams, Paul D and Gunsch, Gregg H and Lamont, Gary B},
  journal={Evolutionary computation, IEEE transactions on},
  volume={6},
  number={3},
  pages={252--280},
  year={2002},
  publisher={IEEE}
}

@inproceedings{tavallaee2009detailed,
  title={A detailed analysis of the KDD CUP 99 data set},
  author={Tavallaee, Mahbod and Bagheri, Ebrahim and Lu, Wei and Ghorbani, Ali-A},
  booktitle={Proceedings of the Second IEEE Symposium on Computational Intelligence for Security and Defence Applications 2009},
  year={2009}
}

@inproceedings{kayacik2005selecting,
  title={Selecting features for intrusion detection: A feature relevance analysis on KDD 99 intrusion detection datasets},
  author={Kayacik, H G{\"u}nes and Zincir-Heywood, A Nur and Heywood, Malcolm I},
  booktitle={Proceedings of the third annual conference on privacy, security and trust},
  year={2005},
  organization={Citeseer}
}

@inproceedings{rane2010privacy,
  title={Privacy preserving string comparisons based on Levenshtein distance},
  author={Rane, Shantanu and Sun, Wei},
  booktitle={Information Forensics and Security (WIFS), 2010 IEEE International Workshop on},
  pages={1--6},
  year={2010},
  organization={IEEE}
}

@inproceedings{ravikumar2004secure,
  title={A secure protocol for computing string distance metrics},
  author={Ravikumar, Pradeep and Cohen, William W and Fienberg, Stephen E},
  booktitle={Workshop on Privacy and Security Aspects of Data Mining held at IEEE ICDM},
  volume={4},
  pages={40--46},
  year={2004}
}


